

@article{BetancourtEtAl:2014b,
	Author = {Michael Betancourt and Simon Byrne and Mark Girolami},
	Journal = {ArXiv e-prints},
	Month = {11},
	Title = {Optimizing The Integrator Step Size for Hamiltonian Monte Carlo},
	Volume = {1410.5110},
	Year = {2014}}

@article{Betancourt:2016b,
	Author = {Michael Betancourt},
	Journal = {ArXiv e-prints},
	Month = {04},
	Title = {Diagnosing Suboptimal Cotangent Disintegrations in Hamiltonian Monte Carlo},
	Volume = {1604.00695},
	Year = {2016}}

@article{Betancourt:2018b,
	Author = {Michael Betancourt},
	Journal = {ArXiv e-prints},
	Month = {01},
	Title = {A Conceptual Introduction to Hamiltonian Monte Carlo},
	Volume = {1701.02434},
	Year = {2018}}
