

@article{Betancourt:2018b,
	Author = {Michael Betancourt},
	Month = {01},
	Title = {A Conceptual Introduction to Hamiltonian Monte Carlo},
	Year = {2018}}

@article{Betancourt:2018a,
	Author = {Betancourt, Michael},
	Journal = {Annalen der Physik},
	Number = {0},
	Pages = {1700214},
	Title = {The Convergence of Markov Chain Monte Carlo Methods: From the Metropolis Method to Hamiltonian Monte Carlo},
	Volume = {0},
	Year = {2018}}

@book{CoverEtAl:2006,
	Author = {Cover, Thomas M. and Thomas, Joy A.},
	Edition = {Second},
	Publisher = {Wiley-Interscience [John Wiley \& Sons], Hoboken, NJ},
	Title = {Elements of information theory},
	Year = {2006}}

@book{Devroye:1986,
	Author = {Devroye, L},
	Publisher = {Springer-Verlag},
	Title = {Non-Uniform Random Variate Generation},
	Year = {1986}}

@book{Gamow:1988,
	Author = {George Gamow},
	Publisher = {Dover Publ.},
	Title = {One, two, three... infinity: facts and speculations of science},
	Year = {1988}}

@article{HugginsEtAl:2019,
	Author = {Jonathan H. Huggins and Miko{\l}aj Kasprzak and Trevor Campbell and Tamara Broderick},
	Month = {10},
	Title = {Practical Posterior Error Bounds from Variational Objectives},
	Year = {2019}}

@book{Knuth:1998,
	Author = {Knuth, Donald E.},
	Publisher = {Addison-Wesley, Reading, MA},
	Title = {The art of computer programming. {V}ol. 2},
	Year = {1998}}

@book{MacKay:2003,
	Author = {MacKay, David J. C.},
	Publisher = {Cambridge University Press, New York},
	Title = {Information Theory, Inference and Learning Algorithms},
	Year = {2003}}

@book{Owen:2013,
	Author = {Art B. Owen},
	Title = {Monte Carlo Theory, Methods, and Examples},
	Year = {2013}}

@book{PressEtAl:2007,
	Author = {Press, William H and Teukolsky, Saul A and Vetterling, William T and Flannery, Brian P},
	Edition = {3rd},
	Publisher = {Cambridge Universit Press},
	Title = {Numerical Recipes: The Art of Scientific Computing},
	Year = {2007}}

@article{Shannon:1948,
	Author = {Shannon, C. E.},
	Journal = {Bell System Tech. J.},
	Pages = {379--423, 623--656},
	Title = {A mathematical theory of communication},
	Volume = {27},
	Year = {1948}}

@article{VehtariEtAl:2015a,
	Author = {Aki Vehtari and Daniel Simpson and Andrew Gelman and Yuling Yao and Jonah Gabry},
	Month = {07},
	Title = {Pareto Smoothed Importance Sampling},
	Year = {2015}}

@article{YaoEtAl:2018,
	Author = {Yuling Yao and Aki Vehtari and Daniel Simpson and Andrew Gelman},
	Month = {02},
	Title = {Yes, but Did It Work?: Evaluating Variational Inference},
	Year = {2018}}
