

@book{BernardoEtAl:2009,
	Author = {Bernardo, Jose-M. and Smith, Adrian F. M.},
	Publisher = {John Wiley \&amp; Sons, Ltd., Chichester},
	Series = {Wiley Series in Probability and Mathematical Statistics: Probability and Mathematical Statistics},
	Title = {Bayesian Theory},
	Year = {2009}}

@book{Bishop:2006,
	Author = {Bishop, Christopher M.},
	Publisher = {Springer, New York},
	Series = {Information Science and Statistics},
	Title = {Pattern Recognition and Machine Learning},
	Year = {2006}}

@article{BoseEtAl:2002,
	Author = {Arup Bose and Anirban Dasgupta and Herman Rubin},
	Journal = {Sankhy{\=a}: The Indian Journal of Statistics, Series A (1961-2002)},
	Number = {3},
	Pages = {763--819},
	Title = {A Contemporary Review and Bibliography of Infinitely Divisible Distributions and Processes},
	Volume = {64},
	Year = {2002}}

@book{CasellaEtAl:2002,
	Author = {Casella, George and Berger, Roger L},
	Edition = {Second},
	Publisher = {Duxbury Thomson Learning},
	Title = {Statistical inference},
	Year = {2002}}

@article{CsiszarEtAl:2004,
	Author = {Csisz{\'a}r, Imre and Shields, Paul C},
	Journal = {Communications and Information Theory},
	Number = {4},
	Pages = {417--528},
	Title = {Information Theory and Statistics: {A} Tutorial},
	Volume = {1},
	Year = {2004}}

@book{Jaynes:2003,
	Author = {Jaynes, E. T.},
	Publisher = {Cambridge University Press},
	Title = {{Probability Theory: The Logic of Science}},
	Year = {2003}}

@book{JoseEtAl:1998,
	Address = {New York},
	Author = {Jos\'{e}, Jorge V. and Saletan, Eugene J.},
	Publisher = {Cambridge University Press},
	Title = {Classical Dynamics: A Contemporary Approach},
	Year = {1998}}

@article{KullbackEtAl:1951,
	Author = {Kullback, S. and Leibler, R. A.},
	Journal = {Ann. Math. Statistics},
	Pages = {79--86},
	Title = {On Information and Sufficiency},
	Volume = {22},
	Year = {1951}}
