

@article{Betancourt:2018a,
	Author = {Betancourt, Michael},
	Journal = {Annalen der Physik},
	Number = {0},
	Pages = {1700214},
	Title = {The Convergence of Markov Chain Monte Carlo Methods: From the Metropolis Method to Hamiltonian Monte Carlo},
	Volume = {0},
	Year = {2018}}

@article{Betancourt:2019,
	Author = {Michael Betancourt},
	Title = {Incomplete Reparameterizations and Equivalent Metrics},
	Year = {2019}}

@article{Betancourt:2018b,
	Author = {Michael Betancourt},
	Month = {01},
	Title = {A Conceptual Introduction to Hamiltonian Monte Carlo},
	Year = {2018}}

@book{DoucEtAl:2018,
	Author = {Douc, Randal and Moulines, Eric and Priouret, Pierre and Soulier, Philippe},
	Publisher = {Springer, Cham},
	Series = {Springer Series in Operations Research and Financial Engineering},
	Title = {Markov chains},
	Year = {2018}}

@article{GelmanEtAl:1992,
	Author = {Gelman, Andrew and Rubin, Donald B},
	Journal = {Statistical science},
	Pages = {457--472},
	Title = {Inference From Iterative Simulation Using Multiple Sequences},
	Year = {1992}}

@inproceedings{Geweke:1992,
	Author = {John Geweke},
	Booktitle = {IN BAYESIAN STATISTICS},
	Pages = {169--193},
	Publisher = {University Press},
	Title = {Evaluating the Accuracy of Sampling-Based Approaches to the Calculation of Posterior Moments},
	Year = {1992}}

@article{Geyer:1992,
	Author = {Geyer, Charles J},
	Journal = {Statistical Science},
	Pages = {473--483},
	Title = {Practical {M}arkov {C}hain {M}onte {C}arlo},
	Year = {1992}}

@inproceedings{GorhamEtAl:2017,
	Author = {Gorham, Jackson and Mackey, Lester},
	Booktitle = {Proceedings of the 34th International Conference on Machine Learning-Volume 70},
	Organization = {JMLR. org},
	Pages = {1292--1301},
	Title = {Measuring sample quality with kernels},
	Year = {2017}}

@article{JoulinEtAl:2010,
	Author = {Joulin, Ald{\'e}ric and Ollivier, Yann},
	Journal = {The Annals of Probability},
	Number = {6},
	Pages = {2418--2442},
	Title = {Curvature, Concentration and Error Estimates for {M}arkov {C}hain {M}onte {C}arlo},
	Volume = {38},
	Year = {2010}}

@article{Muller:1997,
	Author = {M\"{u}ller, Alfred},
	Journal = {Adv. in Appl. Probab.},
	Number = {2},
	Pages = {429--443},
	Title = {Integral probability metrics and their generating classes of functions},
	Volume = {29},
	Year = {1997}}

@book{MeynEtAl:2009,
	Author = {Meyn, Sean P and Tweedie, Richard L},
	Publisher = {Cambridge University Press},
	Title = {{M}arkov Chains and Stochastic Stability},
	Year = {2009}}

@techreport{Neal:1993,
	Author = {Neal, R.M.},
	Institution = {Department of Computer Science, University of Toronto},
	Number = {CRG-TR-93-1},
	Title = {Probabilistic Inference Using {M}arkov {C}hain {M}onte {C}arlo Methods},
	Year = {1993}}

@article{QinEtAl:2020,
	Author = {Qian Qin and James P. Hobert},
	Journal = {arXiv e-prints},
	Month = {03},
	Number = {2003.09555},
	Title = {On the limitations of single-step drift and minorization in Markov chain convergence analysis},
	Year = {2020}}

@book{RobertEtAl:1999,
	Author = {Robert, Christian P and Casella, George},
	Publisher = {Springer New York},
	Title = {{M}onte {C}arlo Statistical Methods},
	Year = {1999}}

@article{RobertsEtAl:1997,
	Author = {Roberts, Gareth O and Gelman, Andrew and Gilks, Walter R and others},
	Journal = {The annals of applied probability},
	Number = {1},
	Pages = {110--120},
	Title = {Weak Convergence and Optimal Scaling of {R}andom {W}alk {M}etropolis Algorithms},
	Volume = {7},
	Year = {1997}}

@article{RobertsEtAl:2004,
	Author = {Roberts, Gareth O and Rosenthal, Jeffrey S},
	Journal = {Probability Surveys},
	Pages = {20--71},
	Title = {General State Space {M}arkov Chains and {MCMC} Algorithms},
	Volume = {1},
	Year = {2004}}

@article{RobertsEtAl:1997b,
	Author = {Roberts, Gareth O. and Rosenthal, Jeffrey S.},
	Journal = {Electron. Comm. Probab.},
	Pages = {no. 2, 13--25},
	Title = {Geometric ergodicity and hybrid {M}arkov chains},
	Volume = {2},
	Year = {1997}}

@book{Rosenthal:2019,
	Author = {J.S. Rosenthal},
	Publisher = {World Scientific},
	Title = {A First Look at Stochastic Processes},
	Year = {2019}}

@article{VehtariEtAl:2015a,
	Author = {Aki Vehtari and Daniel Simpson and Andrew Gelman and Yuling Yao and Jonah Gabry},
	Month = {07},
	Title = {Pareto Smoothed Importance Sampling},
	Year = {2015}}

@book{BrooksEtAl:2011,
	Address = {New York},
	Editor = {Brooks, Steve and Gelman, Andrew and Jones, Galin L. and Meng, Xiao-Li},
	Publisher = {CRC Press},
	Title = {Handbook of {M}arkov {C}hain {M}onte {C}arlo},
	Year = {2011}}
