

@incollection{BetancourtEtAl:2015,
	Author = {Michael Betancourt and Mark Girolami},
	Booktitle = {{Current Trends in Bayesian Methodology with Applications}},
	Editor = {Dipak K. Dey, Umesh Singh and A. Loganathan},
	Publisher = {Chapman \& Hall/CRC Press},
	Title = {{H}amiltonian {M}onte {C}arlo for Hierarchical Models},
	Year = {2015}}

@article{Betancourt:2018b,
	Author = {Michael Betancourt},
	Journal = {ArXiv e-prints},
	Month = {01},
	Title = {A Conceptual Introduction to Hamiltonian Monte Carlo},
	Volume = {1701.02434},
	Year = {2018}}

@article{DiaconisEtAl:1980,
	Author = {P. Diaconis and D. Freedman},
	Journal = {The Annals of Probability},
	Month = {aug},
	Number = {4},
	Pages = {745--764},
	Title = {Finite Exchangeable Sequences},
	Volume = {8},
	Year = 1980}

@book{DiaconisEtAl:2017,
	Author = {Diaconis, Persi and Skyrms, Brian},
	Publisher = {Princeton University Press},
	Title = {Ten Great Ideas about Chance},
	Year = {2017}}

@book{deFinetti:1972,
	Author = {de Finetti, Bruno},
	Publisher = {John Wiley \& Sons, London-New York-Sydney},
	Title = {Probability, induction and statistics. {T}he art of guessing},
	Year = {1972}}

@article{Good:1980,
	Author = {Good, I. J.},
	Journal = {Trabajos de Estadistica Y de Investigacion Operativa},
	Number = {1},
	Pages = {489},
	Title = {Some history of the hierarchical Bayesian methodology},
	Volume = {31},
	Year = {1980}}

@book{Good:1983,
	Author = {Good, Irving John},
	Publisher = {University of Minnesota Press, Minneapolis, MN},
	Title = {Good thinking},
	Year = {1983}}

@article{GorinovaEtAl:2019,
	Author = {Maria I. Gorinova and Dave Moore and Matthew D. Hoffman},
	Month = {06},
	Title = {Automatic Reparameterisation of Probabilistic Programs},
	Year = {2019}}

@article{LewandowskiEtAl:2009,
	Author = {Lewandowski, Daniel and Kurowicka, Dorota and Joe, Harry},
	Journal = {Journal of multivariate analysis},
	Number = {9},
	Pages = {1989--2001},
	Title = {Generating Random Correlation Matrices Based on Vines and Extended Onion Method},
	Volume = {100},
	Year = {2009}}

@article{Neal:2003,
	Author = {Neal, R.M.},
	Journal = {Annals of statistics},
	Pages = {705--741},
	Title = {Slice Sampling},
	Year = {2003}}

@inproceedings{PapaspiliopoulosEtAl:2003,
	Author = {Papaspiliopoulos, Omiros and Roberts, Gareth O and Sk{\"o}ld, Martin},
	Booktitle = {Bayesian Statistics 7: Proceedings of the Seventh Valencia International Meeting},
	Editor = {Bernardo, JM and Bayarri, MJ and Berger, JO and Dawid, AP and Heckerman, D and Smith, AFM and West, M},
	Organization = {Oxford University Press, USA},
	Title = {Non-centered parameterisations for hierarchical models and data augmentation},
	Volume = {307},
	Year = {2003}}

@article{PapaspiliopoulosEtAl:2007,
	Author = {Papaspiliopoulos, Omiros and Roberts, Gareth O and Sk{\"o}ld, Martin},
	Journal = {Statistical Science},
	Pages = {59--73},
	Title = {A General Framework for the Parametrization of Hierarchical Models},
	Year = {2007}}
