

@book{Bishop:2006,
	Author = {Bishop, Christopher M.},
	Publisher = {Springer, New York},
	Series = {Information Science and Statistics},
	Title = {Pattern Recognition and Machine Learning},
	Year = {2006}}
